<record><leader>00000cas a2200000 i 4500</leader><controlfield tag="001">1001564803</controlfield><controlfield tag="008">170823d189919uuncumr ne      0    0eng c</controlfield><datafield ind1=" " ind2=" " tag="010"><subfield code="a">  2017236930</subfield></datafield><datafield ind1=" " ind2=" " tag="040"><subfield code="a">NOC</subfield><subfield code="b">eng</subfield><subfield code="e">rda</subfield><subfield code="c">NOC</subfield><subfield code="d">NOC</subfield><subfield code="d">OCLCA</subfield></datafield><datafield ind1=" " ind2=" " tag="042"><subfield code="a">pcc</subfield></datafield><datafield ind1=" " ind2=" " tag="043"><subfield code="a">n-us-nc</subfield></datafield><datafield ind1=" " ind2="4" tag="050"><subfield code="a">BX6248.N8</subfield></datafield><datafield ind1="0" ind2=" " tag="130"><subfield code="a">Atlantic messenger (New Bern, N.C.)</subfield></datafield><datafield ind1="1" ind2="4" tag="245"><subfield code="a">The Atlantic messenger.</subfield></datafield><datafield ind1=" " ind2="1" tag="264"><subfield code="a">New Bern, N.C. :</subfield><subfield code="b">[Hight C. Moore]</subfield></datafield><datafield ind1=" " ind2=" " tag="300"><subfield code="a">volumes ;</subfield><subfield code="c">52 cm</subfield></datafield><datafield ind1=" " ind2=" " tag="310"><subfield code="a">Monthly</subfield></datafield><datafield ind1=" " ind2=" " tag="336"><subfield code="a">text</subfield><subfield code="b">txt</subfield><subfield code="2">rdacontent</subfield></datafield><datafield ind1=" " ind2=" " tag="337"><subfield code="a">unmediated</subfield><subfield code="b">n</subfield><subfield code="2">rdamedia</subfield></datafield><datafield ind1=" " ind2=" " tag="338"><subfield code="a">volume</subfield><subfield code="b">nc</subfield><subfield code="2">rdacarrier</subfield></datafield><datafield ind1="1" ind2=" " tag="362"><subfield code="a">Began in May 1899?</subfield></datafield><datafield ind1=" " ind2=" " tag="500"><subfield code="a">Editor: Hight C. Moore.</subfield></datafield><datafield ind1=" " ind2=" " tag="500"><subfield code="a">"A monthly Baptist newspaper started in May, 1899, as the organ of the Atlantic Association; twice enlarged and improved within a year; in January, 1902, its field was so extended as to embrace the 'Baptist destitution' of about twenty counties in eastern North Carolina"--Masthead, v. 2, no. 9.</subfield></datafield><datafield ind1=" " ind2=" " tag="588"><subfield code="a">Description based on: Volume two, number nine (January, 1902); title from caption.</subfield></datafield><datafield ind1=" " ind2=" " tag="588"><subfield code="a">Latest issue consulted: Volume six, number three (August, 1905).</subfield></datafield><datafield ind1="2" ind2="0" tag="610"><subfield code="a">Atlantic Baptist Association (N.C.)</subfield><subfield code="v">Newspapers.</subfield></datafield><datafield ind1=" " ind2="0" tag="650"><subfield code="a">Baptists</subfield><subfield code="z">North Carolina</subfield><subfield code="v">Newspapers.</subfield></datafield><datafield ind1=" " ind2="0" tag="651"><subfield code="a">New Bern (N.C.)</subfield><subfield code="v">Newspapers.</subfield></datafield><datafield ind1="1" ind2=" " tag="700"><subfield code="a">Moore, Hight C.,</subfield><subfield code="d">1871-1957,</subfield><subfield code="e">editor.</subfield></datafield><datafield ind1=" " ind2=" " tag="752"><subfield code="a">United States</subfield><subfield code="b">North Carolina</subfield><subfield code="c">Craven</subfield><subfield code="d">New Bern.</subfield></datafield><datafield ind1="0" ind2="8" tag="776"><subfield code="i">Online version:</subfield><subfield code="t">Atlantic messenger (New Bern, N.C.)</subfield><subfield code="w">(DLC)  2017236949</subfield><subfield code="w">(OCoLC)1010952414</subfield></datafield></record>